@phdthesis{klinvex,
 	title = {Parallel Symmetric Eigenvalue Problem Solvers},
	author = {Alicia M. Klinvex},
	school = {Purdue University},
	year = {2015},
	month = may,
}

@article{sameh2000,
	title = {The Trace Minimization Method for the Symmetric Generalized Eigenvalue Problem},
	author = {Ahmed H. Sameh and Zhanye Tong},
	journal = {Journal of Computational and Applied Mathematics},
	volume = {123},
	number = {1--2},
	pages = {155-175},
	year = {2000},
	note = {Numerical Analysis 2000. Vol. III: Linear Algebra},
	issn = {0377-0427},
	doi = {10.1016/S0377-0427(00)00391-5},
}

@article{sameh1982,
	author = {Ahmed H. Sameh and John A. Wisniewski},
	title = {A Trace Minimization Algorithm for the Generalized Eigenvalue Problem},
	journal = {SIAM Journal on Numerical Analysis},
	volume = {19},
	number = {6},
	pages = {1243-1259},
	year = {1982},
	doi = {10.1137/0719089},
}
